<?xml version="1.0" encoding="utf-8"?>
<record xmlns="http://www.loc.gov/MARC21/slim" xmlns:xsi="http://www.w3.org/2001/XMLSchema-instance" xsi:schemaLocation="http://www.loc.gov/MARC21/slim http://www.loc.gov/standards/marcxml/schema/MARC21slim.xsd">
	<leader>     nam a22     Mi 4500</leader>
	<controlfield tag="001">b12485433</controlfield>
	<controlfield tag="003">LeBAU</controlfield>
	<controlfield tag="006">m        d        </controlfield>
	<controlfield tag="007">cr cn |||m|||a</controlfield>
	<controlfield tag="008">190123s1950    le abcf ob    ||1 0 ara d</controlfield>
	<datafield ind1=" " ind2=" " tag="040">
		<subfield code="a">ZYU</subfield>
		<subfield code="b">ara</subfield>
		<subfield code="e">rda</subfield>
		<subfield code="c">ZYU</subfield>
	</datafield>
	<datafield ind1="0" ind2=" " tag="041">
		<subfield code="a">ara</subfield>
		<subfield code="a">eng</subfield>
	</datafield>
	<datafield ind1=" " ind2="4" tag="050">
		<subfield code="a">QB802</subfield>
		<subfield code="b">.J87 1950</subfield>
	</datafield>
	<datafield ind1="0" ind2="4" tag="082">
		<subfield code="a">520.3</subfield>
		<subfield code="2">22</subfield>
	</datafield>
	<datafield ind1="1" ind2=" " tag="100">
		<subfield code="6">880-01</subfield>
		<subfield code="a">Jurdāq, Manṣūr Ḥannā,</subfield>
		<subfield code="e">compiler.</subfield>
	</datafield>
	<datafield ind1="1" ind2="0" tag="245">
		<subfield code="6">880-02</subfield>
		<subfield code="a">al-Qāmūs al-falakī wa-al-abrāj wa-ṣuwar al-nujūm aw kawkabātuhā wa-asmāʼuhā al-ʻArabīyah /</subfield>
		<subfield code="c">taʼlīf Manṣūr Ḥannā Jurdāq M. ‘A., ustādh al-sharaf lil-riyāḍīyāt al-‘ālīyah wa-‘ilm al-falak fī al-Jāmi‘ah al-Amīrikīyah bi-Bayrūt, ‘uwḍ fī al-Jam‘īyah al-Riyāḍīyah al-Inklīzīyah bi-Lanḍan; al-Jam‘īyah al-Riyāḍīyah al-Amīrikānīyah; al-Jam‘īyah al-Falakīyah al-Bāsīfīkīyah al-Amīrikānīyah; al-Jam‘īyah al-Malakīyah al-Falakīyah bi-Kanadā; al-Jam‘īyah al-Mītiyūrūlujīyah al-Amīrikānīyah; Jam‘īyat Tarqiyat al-Ta‘līm al-Handasī al-Amīrikānīyah; Jam‘īyat Taqaddum al-‘Ulūm al-Amīrikānīyah, al-Jam‘īyah al-Jughrāfīyah al-Waṭanīyah al-Amīrikānīyah; wa-Jam‘īyat Ta‘āwun al-Fikr al-Dawlīyah = Astronomical dictionary : the zodiac &amp; the constellations, Arabic star-names, their meaning, transliteration and pronounciation / By Mansur Ḥanna Jurdak, M. A., professor emeritus of mathematics at the American University of Beirut, member of the Mathematical Association of London, Mathematical Association of America, Astronomical Society of the Pacific, Royal Astronomical Society of Canada, American Meteorological Society, Society for the Promotion of Engineering Education, American Association for the Advancement of Science, the National Geographic Society &amp; Institut de Coopération Intellectuelle.</subfield>
	</datafield>
	<datafield ind1="3" ind2="1" tag="246">
		<subfield code="a">Astronomical dictionary :</subfield>
		<subfield code="b">the zodiac &amp; the constellations, Arabic star-names, their meaning, transliteration and pronounciation</subfield>
	</datafield>
	<datafield ind1=" " ind2="1" tag="264">
		<subfield code="6">880-03</subfield>
		<subfield code="a">Bayrūt, Lubnān :</subfield>
		<subfield code="b">al-Maṭbaʻah al-Amīrikānīyah,</subfield>
		<subfield code="c">1950.</subfield>
	</datafield>
	<datafield ind1=" " ind2=" " tag="300">
		<subfield code="6">880-04</subfield>
		<subfield code="a">online resource (d-y, 326 pages, 7 unnumbered leaves of plates) :</subfield>
		<subfield code="b">illustrations, maps, portraits</subfield>
	</datafield>
	<datafield ind1=" " ind2=" " tag="336">
		<subfield code="a">text</subfield>
		<subfield code="2">rdacontent</subfield>
	</datafield>
	<datafield ind1=" " ind2=" " tag="337">
		<subfield code="a">computer</subfield>
		<subfield code="2">rdamedia</subfield>
	</datafield>
	<datafield ind1=" " ind2=" " tag="338">
		<subfield code="a">online resource</subfield>
		<subfield code="2">rdacarrier</subfield>
	</datafield>
	<datafield ind1=" " ind2=" " tag="500">
		<subfield code="a">Part of the Arabic Collections Online (ACO) project, contributed by American University of Beirut's Jafet Memorial Library.</subfield>
	</datafield>
	<datafield ind1=" " ind2=" " tag="533">
		<subfield code="a">Electronic reproduction.</subfield>
		<subfield code="b">New York, N.Y. :</subfield>
		<subfield code="c">New York University,</subfield>
		<subfield code="d">2019.</subfield>
		<subfield code="5">NNU</subfield>
	</datafield>
	<datafield ind1=" " ind2="0" tag="650">
		<subfield code="6">880-05</subfield>
		<subfield code="a">Astronomy</subfield>
		<subfield code="v">Dictionaries</subfield>
	</datafield>
	<datafield ind1=" " ind2="0" tag="650">
		<subfield code="6">880-06</subfield>
		<subfield code="a">Astronomy, Arab</subfield>
		<subfield code="v">Dictionaries.</subfield>
	</datafield>
	<datafield ind1="2" ind2=" " tag="710">
		<subfield code="a">Jafet Memorial Library.</subfield>
	</datafield>
	<datafield ind1="0" ind2=" " tag="730">
		<subfield code="a">Arabic Collections Online.</subfield>
	</datafield>
	<datafield ind1="0" ind2="8" tag="776">
		<subfield code="i">Print version:</subfield>
		<subfield code="a">Jurdāq, Manṣūr Ḥannā, compiler.</subfield>
		<subfield code="t">al-Qāmūs al-falakī wa-al-abrāj wa-ṣuwar al-nujūm aw kawkabātuhā wa-asmāʼuhā al-ʻArabīyah</subfield>
		<subfield code="w">(LeBAU)b12485433</subfield>
	</datafield>
	<datafield ind1="4" ind2="0" tag="856">
		<subfield code="u">http://hdl.handle.net/2333.1/xpnvx6x4</subfield>
	</datafield>
	<datafield ind1="1" ind2=" " tag="880">
		<subfield code="6">100-01</subfield>
		<subfield code="a">جرداق، منصور حنا،</subfield>
		<subfield code="e">معد.</subfield>
		<subfield code="4">com.</subfield>
	</datafield>
	<datafield ind1="1" ind2="3" tag="880">
		<subfield code="6">245-02</subfield>
		<subfield code="a">القاموس الفلكي والأبراج وصور النجوم أو كوكباتها وأسماؤها العربية /</subfield>
		<subfield code="c">تأليف منصور حنا جرداق م. ع.، أستاذ الشرف للرياضيات العالية وعلم الفلك في الجامعة الأميركية ببيروت، عضو في الجمعية الرياضية الإنكليزية بلندن؛ الجمعية الرياضية الأميركانية؛ الجمعية الفلكية الباسيفيكية الأميركانية؛ الجمعية الملكية الفلكية بكندا؛ الجمعية الميتيورولوجية الأميركانية؛ جمعية ترقية التعليم الهندسي الأميركانية؛ جمعية تقدم العلوم الأميركانية؛ الجمعية الجغرافية الوطنية الاميركانية؛ وجمعية تعاون الفكر الدولية = Astronomical dictionary : the zodiac &amp; the constellations, Arabic star-names, their meaning, transliteration and pronounciation / By Mansur Ḥanna Jurdak, M. A., professor emeritus of mathematics at the American University of Beirut, member of the Mathematical Association of London, Mathematical Association of America, Astronomical Society of the Pacific, Royal Astronomical Society of Canada, American Meteorological Society, Society for the Promotion of Engineering Education, American Association for the Advancement of Science, the National Geographic Society &amp; Institut de Coopération Intellectuelle.</subfield>
	</datafield>
	<datafield ind1=" " ind2="1" tag="880">
		<subfield code="6">264-03</subfield>
		<subfield code="a">بيروت، لبنان :</subfield>
		<subfield code="b">المطبعة الاميركانية،</subfield>
		<subfield code="c">1950.</subfield>
	</datafield>
	<datafield ind1=" " ind2=" " tag="880">
		<subfield code="6">300-04</subfield>
		<subfield code="a">د-ي، 326 صفحة، 7 ورقات لوحات غير مرقمة :</subfield>
		<subfield code="b">مصورات، خرائط، صور شخصانية ؛</subfield>
		<subfield code="c">22 سم</subfield>
	</datafield>
	<datafield ind1=" " ind2=" " tag="880">
		<subfield code="6">500-00</subfield>
		<subfield code="a">منشورات أساتذة الجامعة الاميركية في بيروت.</subfield>
	</datafield>
	<datafield ind1=" " ind2=" " tag="880">
		<subfield code="6">500-00</subfield>
		<subfield code="a">منشورات الجامعة الاميركية في بيروت.</subfield>
	</datafield>
	<datafield ind1=" " ind2=" " tag="880">
		<subfield code="6">500-00</subfield>
		<subfield code="a">يتضمن كشاف.</subfield>
	</datafield>
	<datafield ind1=" " ind2=" " tag="880">
		<subfield code="6">504-00</subfield>
		<subfield code="a">ببليوغرافيا: صفحات [227-228]</subfield>
	</datafield>
	<datafield ind1=" " ind2=" " tag="880">
		<subfield code="6">546-00</subfield>
		<subfield code="a">النص بالعربية والإنجليزية.</subfield>
	</datafield>
	<datafield ind1=" " ind2="4" tag="880">
		<subfield code="6">650-05</subfield>
		<subfield code="a">علم الفلك</subfield>
		<subfield code="v">قواميس.</subfield>
	</datafield>
	<datafield ind1=" " ind2="4" tag="880">
		<subfield code="6">650-06</subfield>
		<subfield code="a">علم الفلك العربي</subfield>
		<subfield code="v">قواميس.</subfield>
	</datafield>
	<datafield ind1=" " ind2=" " tag="959">
		<subfield code="a">NNU</subfield>
		<subfield code="b">WEB</subfield>
		<subfield code="c">GENI</subfield>
		<subfield code="t">0</subfield>
		<subfield code="m">Electronic access</subfield>
		<subfield code="s">01</subfield>
	</datafield>
	<datafield ind1=" " ind2=" " tag="999">
		<subfield code="i">LeBAU_b12485433</subfield>
		<subfield code="s">aub_aco002154</subfield>
		<subfield code="e">(ERROR-880)(ERROR-MISC)</subfield>
		<subfield code="s">aub_aco002154</subfield>
	</datafield>
</record>
